<record xmlns="http://www.loc.gov/MARC21/slim" xmlns:xsi="http://www.w3.org/2001/XMLSchema-instance" xsi:schemaLocation="http://www.loc.gov/MARC21/slim http://www.loc.gov/standards/marcxml/schema/MARC21slim.xsd"><leader>00725cz   2200217n  4500</leader><controlfield tag="001">oca00433549 </controlfield><controlfield tag="005">20050212071252.0</controlfield><controlfield tag="008">800610n| acannaabn          |a aaa      </controlfield><datafield ind1=" " ind2=" " tag="010"><subfield code="a">n  80051703 </subfield></datafield><datafield ind1=" " ind2=" " tag="040"><subfield code="a">DLC</subfield><subfield code="c">DLC</subfield><subfield code="d">DLC</subfield><subfield code="d">Uk</subfield><subfield code="d">InU</subfield></datafield><datafield ind1="0" ind2=" " tag="100"><subfield code="a">Athenaeus,</subfield><subfield code="c">of Naucratis</subfield></datafield><datafield ind1="0" ind2=" " tag="400"><subfield code="a">Athenaeus</subfield><subfield code="w">nna</subfield></datafield><datafield ind1="0" ind2=" " tag="400"><subfield code="a">Athenaeus Naucratita</subfield></datafield><datafield ind1="0" ind2=" " tag="400"><subfield code="a">Athenaeus Grammaticus</subfield></datafield><datafield ind1="0" ind2=" " tag="400"><subfield code="a">Athēnaios</subfield></datafield><datafield ind1="0" ind2=" " tag="400"><subfield code="a">Athénée,</subfield><subfield code="c">de Naucratis</subfield></datafield><datafield ind1="0" ind2=" " tag="400"><subfield code="a">Atenèo,</subfield><subfield code="c">di Naucrati</subfield></datafield><datafield ind1="0" ind2=" " tag="400"><subfield code="a">Afineĭ,</subfield><subfield code="c">iz Navkratidy</subfield></datafield><datafield ind1=" " ind2=" " tag="670"><subfield code="a">La cultura storica di Ateneo, 1989</subfield></datafield><datafield ind1=" " ind2=" " tag="670"><subfield code="a">La Piccola trecciani, 1995</subfield><subfield code="b">(Atenèo, di Naucrati)</subfield></datafield><datafield ind1=" " ind2=" " tag="670"><subfield code="a">Vizantiĭskie istoriki, 2003:</subfield><subfield code="b">t.p. (Afineĭ) p. 349 (ok. 200 g. n. ė.; iz Navkratidy)</subfield></datafield></record>